<record><leader>00000cas a22000007a 4500</leader><controlfield tag="001">10221688</controlfield><controlfield tag="008">831215d18691874paudn ne      0   a0eng  </controlfield><datafield ind1=" " ind2=" " tag="010"><subfield code="a">sn 83032143 </subfield></datafield><datafield ind1=" " ind2=" " tag="040"><subfield code="a">NPU</subfield><subfield code="b">eng</subfield><subfield code="c">NPU</subfield><subfield code="d">DLC</subfield><subfield code="d">NPU</subfield><subfield code="d">NPH</subfield><subfield code="d">NPX</subfield><subfield code="d">NPH</subfield><subfield code="d">NYG</subfield><subfield code="d">OCLCQ</subfield><subfield code="d">UKMGB</subfield><subfield code="d">DLC</subfield><subfield code="d">HUL</subfield></datafield><datafield ind1="7" ind2=" " tag="016"><subfield code="a">013914895</subfield><subfield code="2">Uk</subfield></datafield><datafield ind1="0" ind2=" " tag="022"><subfield code="a">2473-103X</subfield><subfield code="l">2473-103X</subfield><subfield code="2">1</subfield></datafield><datafield ind1=" " ind2=" " tag="042"><subfield code="a">msc</subfield><subfield code="a">nsdp</subfield></datafield><datafield ind1="1" ind2="0" tag="050"><subfield code="a">ISSN RECORD</subfield></datafield><datafield ind1="1" ind2="0" tag="082"><subfield code="a">071</subfield><subfield code="2">23</subfield></datafield><datafield ind1="0" ind2=" " tag="130"><subfield code="a">Daily telegraph (Harrisburg, Pa. : 1869)</subfield></datafield><datafield ind1=" " ind2="4" tag="222"><subfield code="a">The daily telegraph</subfield><subfield code="b">(Harrisburg, Pa. 1869)</subfield></datafield><datafield ind1="1" ind2="4" tag="245"><subfield code="a">The daily telegraph.</subfield></datafield><datafield ind1=" " ind2=" " tag="260"><subfield code="a">Harrisburg, Pa. :</subfield><subfield code="b">George Bergner,</subfield><subfield code="c">1869-1874.</subfield></datafield><datafield ind1=" " ind2=" " tag="300"><subfield code="a">v. ;</subfield><subfield code="c">68 cm.</subfield></datafield><datafield ind1=" " ind2=" " tag="310"><subfield code="a">Daily (except Sun.)</subfield></datafield><datafield ind1="0" ind2=" " tag="362"><subfield code="a">Dec. 25, 1869-Sept. 8, 1874.</subfield></datafield><datafield ind1=" " ind2=" " tag="515"><subfield code="a">Issues for -Sept. 8, 1874 called also -v. 17, no. 288.</subfield></datafield><datafield ind1=" " ind2=" " tag="580"><subfield code="a">Weekly ed.: Weekly telegraph (Harrisburg, Pa.).</subfield></datafield><datafield ind1=" " ind2=" " tag="752"><subfield code="a">United States</subfield><subfield code="b">Pennsylvania</subfield><subfield code="c">Dauphin</subfield><subfield code="d">Harrisburg.</subfield></datafield><datafield ind1="1" ind2=" " tag="775"><subfield code="t">Weekly telegraph (Harrisburg, Pa.)</subfield><subfield code="w">(DLC)sn 83032144</subfield><subfield code="w">(OCoLC)10221941</subfield></datafield><datafield ind1="0" ind2="0" tag="780"><subfield code="t">Harrisburg daily telegraph (Harrisburg, Pa. : 1865)</subfield><subfield code="x">2473-1021</subfield><subfield code="w">(DLC)sn 83032142</subfield><subfield code="w">(OCoLC)10221509</subfield></datafield><datafield ind1="0" ind2="0" tag="785"><subfield code="t">Harrisburg daily telegraph (Harrisburg, Pa. : 1874)</subfield><subfield code="x">2473-1048</subfield><subfield code="w">(DLC)sn 86053600</subfield><subfield code="w">(OCoLC)13620018</subfield></datafield></record>